@article{knuth84,
  author = {Knuth, Donald E.},
  title = {Literate Programming},
  year = {1984},
  issue_date = {May 1984},
  publisher = {Oxford University Press, Inc.},
  address = {USA},
  volume = {27},
  number = {2},
  issn = {0010-4620},
  url = {https://doi.org/10.1093/comjnl/27.2.97},
  doi = {10.1093/comjnl/27.2.97},
  journal = {Comput. J.},
  month = may,
  pages = {97–111},
  numpages = {15}
}



@book{agresti2018,
	title = {Statistical methods for the social sciences},
	author = {Agresti, Alan},
	year = {2018},
	date = {2018},
	publisher = {Pearson},
	edition = {Fifth edition},
	address = {Boston}
}

@book{agresti2023,
	title = {Statistics: the art and science of learning from data},
	author = {Agresti, Alan and Franklin, Christine A. and Klingenberg, Bernhard},
	year = {2023},
	date = {2023},
	publisher = {Pearson},
	edition = {Fifth edition, global edition},
	address = {Harlow, United Kingdom},
	langid = {eng}
}


@book{speegle2021probability,
  title     = {Probability, Statistics, and Data: A Fresh Approach Using R},
  author    = {Speegle, Deborah and Clair, Benjamin},
  year      = {2021},
  publisher = {CRC Press},
  address   = {Boca Raton, FL}
}

@book{ragin2007construccion,
  title     = {Construcción de la investigación social: Introducción a los métodos y su diversidad},
  author    = {Ragin, Charles C.},
  year      = {2007},
  publisher = {Siglo del Hombre Editores},
  address   = {Bogotá, Colombia}
}

@article{otzen2017muestreo,
  title     = {Técnicas de Muestreo sobre una Población a Estudio},
  author    = {Otzen, Tamara and Manterola, Carlos},
  journal   = {International Journal of Morphology},
  volume    = {35},
  number    = {1},
  pages     = {227--232},
  year      = {2017},
  doi       = {10.4067/s0717-95022017000100037},
  url       = {https://doi.org/10.4067/s0717-95022017000100037}
}


@article{tidyverse,
	title = {Welcome to the {\textbraceleft}tidyverse{\textbraceright}},
	author = {Wickham, Hadley and Averick, Mara and Bryan, Jennifer and Chang, Winston and McGowan, {Lucy D'Agostino} and {François}, Romain and Grolemund, Garrett and Hayes, Alex and Henry, Lionel and Hester, Jim and Kuhn, Max and Pedersen, Thomas Lin and Miller, Evan and Bache, Stephan Milton and {Müller}, Kirill and Ooms, Jeroen and Robinson, David and Seidel, Dana Paige and Spinu, Vitalie and Takahashi, Kohske and Vaughan, Davis and Wilke, Claus and Woo, Kara and Yutani, Hiroaki},
	year = {2019},
	date = {2019},
	pages = {1686},
	volume = {4},
	doi = {10.21105/joss.01686}
}

@article{tidyverse-2,
	title = {Welcome to the {\textbraceleft}tidyverse{\textbraceright}},
	author = {Wickham, Hadley and Averick, Mara and Bryan, Jennifer and Chang, Winston and McGowan, {Lucy D'Agostino} and {François}, Romain and Grolemund, Garrett and Hayes, Alex and Henry, Lionel and Hester, Jim and Kuhn, Max and Pedersen, Thomas Lin and Miller, Evan and Bache, Stephan Milton and {Müller}, Kirill and Ooms, Jeroen and Robinson, David and Seidel, Dana Paige and Spinu, Vitalie and Takahashi, Kohske and Vaughan, Davis and Wilke, Claus and Woo, Kara and Yutani, Hiroaki},
	year = {2019},
	date = {2019},
	pages = {1686},
	volume = {4},
	doi = {10.21105/joss.01686}
}

@article{readxl,
	title = {readxl: Read Excel Files},
	author = {Wickham, Hadley and Bryan, Jennifer},
	year = {2023},
	date = {2023},
	url = {https://CRAN.R-project.org/package=readxl}
}

@article{haven,
	title = {haven: Import and Export 'SPSS', 'Stata' and 'SAS' Files},
	author = {Wickham, Hadley and Miller, Evan and Smith, Danny},
	year = {2023},
	date = {2023},
	url = {https://CRAN.R-project.org/package=haven}
}

@article{dplyr,
	title = {dplyr: A Grammar of Data Manipulation},
	author = {Wickham, Hadley and {François}, Romain and Henry, Lionel and {Müller}, Kirill and Vaughan, Davis},
	year = {2023},
	date = {2023},
	url = {https://CRAN.R-project.org/package=dplyr}
}

@article{tidyr,
	title = {tidyr: Tidy Messy Data},
	author = {Wickham, Hadley and Vaughan, Davis and Girlich, Maximilian},
	year = {2024},
	date = {2024},
	url = {https://CRAN.R-project.org/package=tidyr}
}

@article{gapminder,
	title = {gapminder: Data from Gapminder},
	author = {Bryan, Jennifer},
	year = {2023},
	date = {2023},
	url = {https://CRAN.R-project.org/package=gapminder}
}

@article{dplyr-2,
	title = {dplyr: A Grammar of Data Manipulation},
	author = {Wickham, Hadley and {François}, Romain and Henry, Lionel and {Müller}, Kirill and Vaughan, Davis},
	year = {2023},
	date = {2023},
	url = {https://CRAN.R-project.org/package=dplyr}
}

@article{ggplot2,
	title = {ggplot2: Elegant Graphics for Data Analysis},
	author = {Wickham, Hadley},
	year = {2016},
	date = {2016},
	url = {https://ggplot2.tidyverse.org}
}

@article{dlookr,
	title = {{\textbraceleft}dlookr{\textbraceright}: Tools for Data Diagnosis, Exploration, Transformation},
	author = {Ryu, Choonghyun},
	year = {2024},
	date = {2024},
	url = {https://CRAN.R-project.org/package=dlookr}
}

@article{ggmosaic,
	title = {ggmosaic: Mosaic Plots in the 'ggplot2' Framework},
	author = {Jeppson, Haley and Hofmann, Heike and Cook, Di},
	year = {2021},
	date = {2021},
	url = {https://CRAN.R-project.org/package=ggmosaic}
}

@book{casella2024inference,
  title     = {Statistical Inference},
  author    = {Casella, George and Berger, Roger W.},
  year      = {2024},
  publisher = {CRC Press}
}


@article{infer,
	title = {{\textbraceleft}infer{\textbraceright}: An {\textbraceleft}R{\textbraceright} package for tidyverse-friendly statistical inference},
	author = {Couch, Simon P. and Bray, Andrew P. and Ismay, Chester and Chasnovski, Evgeni and Baumer, Benjamin S. and {Çetinkaya-Rundel}, Mine},
	year = {2021},
	date = {2021},
	pages = {3661},
	volume = {6},
	doi = {10.21105/joss.03661}
}

@book{cetinkaya2021modern,
  title     = {Introduction to Modern Statistics},
  author    = {Çetinkaya-Rundel, Mine and Hardin, Joanna},
  year      = {2021},
  note      = {Available online at https://openintro-ims.netlify.app/}
}


@article{ggsci,
	title = {ggsci: Scientific Journal and Sci-Fi Themed Color Palettes for
'ggplot2'},
	author = {Xiao, Nan},
	year = {2024},
	date = {2024},
	url = {https://CRAN.R-project.org/package=ggsci}
}

@article{patchwork,
	title = {patchwork: The Composer of Plots},
	author = {Pedersen, Thomas Lin},
	year = {2024},
	date = {2024},
	url = {https://CRAN.R-project.org/package=patchwork}
}

@article{ggthemes,
	title = {ggthemes: Extra Themes, Scales and Geoms for 'ggplot2'},
	author = {Arnold, Jeffrey B.},
	year = {2024},
	date = {2024},
	url = {https://CRAN.R-project.org/package=ggthemes}
}

@article{ggtext,
	title = {ggtext: Improved Text Rendering Support for 'ggplot2'},
	author = {Wilke, Claus O. and Wiernik, Brenton M.},
	year = {2022},
	date = {2022},
	url = {https://CRAN.R-project.org/package=ggtext}
}

@article{scales,
	title = {scales: Scale Functions for Visualization},
	author = {Wickham, Hadley and Pedersen, Thomas Lin and Seidel, Dana},
	year = {2023},
	date = {2023},
	url = {https://CRAN.R-project.org/package=scales}
}

@article{gghighlight,
	title = {gghighlight: Highlight Lines and Points in 'ggplot2'},
	author = {Yutani, Hiroaki},
	year = {2023},
	date = {2023},
	url = {https://CRAN.R-project.org/package=gghighlight}
}


@misc{datacampAllAboutR,
  author = {{DataCamp}},
  title  = {All About R: A Popular Language for Data Science},
  year   = {2023},
  url    = {https://www.datacamp.com/blog/all-about-r}
}

